% Encoding: UTF-8

@book{fowler2018refactoring,
  title={Refactoring: improving the design of existing code},
  author={Fowler, Martin},
  year={2018},
  publisher={Addison-Wesley Professional}
}

@incollection{Lehman1996Laws,
  added-at = {2019-06-10T14:53:09.000+0200},
  address = {Berlin/Heidelberg},
  author = {Lehman, M. M.},
  biburl = {https://www.bibsonomy.org/bibtex/25ede6cd06fa1d9a166f9cf2d6b19a976/nonancourt},
  booktitle = {Software Process Technology},
  chapter = 12,
  doi = {10.1007/bfb0017737},
  editor = {Montangero, Carlo},
  interhash = {8eee05a69acd517da573bac26cdcd8ab},
  intrahash = {5ede6cd06fa1d9a166f9cf2d6b19a976},
  isbn = {3-540-61771-X},
  journal = {Software Process Technology},
  keywords = {software},
  pages = {108--124},
  posted-at = {2009-06-08 15:31:02},
  priority = {2},
  publisher = {Springer Berlin Heidelberg},
  series = {Lecture Notes in Computer Science},
  timestamp = {2019-06-10T14:53:09.000+0200},
  title = {{Laws of software evolution revisited}},
  url = {http://dx.doi.org/10.1007/bfb0017737},
  volume = 1149,
  year = 1996
}

@book{MensDemeyer2008,
  added-at = {2008-07-07T16:45:32.000+0200},
  biburl = {https://www.bibsonomy.org/bibtex/2671e844fa09167bde241edcbeb18f871/pdeleenh},
  date-added = {2007-10-18 14:39:32 +0200},
  date-modified = {2007-10-18 14:40:41 +0200},
  editor = {Mens, Tom and Demeyer, Serge},
  interhash = {f278b22ce1947cfb70faa1bd8990eb14},
  intrahash = {671e844fa09167bde241edcbeb18f871},
  isbn = {978-3-540-76439-7},
  keywords = {evolution software},
  owner = {pdeleenh},
  publisher = {Springer-Verlag},
  timestamp = {2008-07-07T16:48:05.000+0200},
  title = {Software Evolution},
  year = 2008
}

@article{ChikofskyCross1990,
  added-at = {2007-09-26T23:07:34.000+0200},
  author = {Chikofsky, Elliot J. and Cross, James H.},
  biburl = {https://www.bibsonomy.org/bibtex/24e318d0d03790728b13ca5f17bf2dc34/kimmens},
  description = {AOEvolutionchapter short paper},
  interhash = {581e0e14ef325b020619a5651b6493b0},
  intrahash = {4e318d0d03790728b13ca5f17bf2dc34},
  journal = {IEEE Software},
  keywords = {engineering reengineering reverse},
  number = 1,
  pages = {13--17},
  publisher = {IEEE Computer Society Press},
  timestamp = {2007-09-26T23:07:34.000+0200},
  title = {Reverse Engineering and Design Recovery: {A} Taxonomy},
  volume = 7,
  year = 1990
}

@book{LM2010,
  added-at = {2010-10-10T11:41:08.000+0200},
  author = {Lanza, Michele and Marinescu, Radu},
  biburl = {https://www.bibsonomy.org/bibtex/204bd07ba7388ba1edfc97617ca75d139/funthomas424242},
  interhash = {6b3eba095c8a4b2a501f6d183ca50553},
  intrahash = {04bd07ba7388ba1edfc97617ca75d139},
  keywords = {analyse design metrics},
  publisher = {Springer Verlag},
  timestamp = {2011-05-09T23:03:43.000+0200},
  title = {Object-Oriented Metrics in Practice. Using Software Metrics to Characterize, Evaluate, and Improve the Design of Object-oriented Systems},
  year = 2010
}
